<record xmlns='http://www.loc.gov/MARC21/slim'><leader>01680cim a22003972u 4500</leader><controlfield tag='001'>3601778</controlfield><controlfield tag='005'>20151214182936.0</controlfield><controlfield tag='007'>ss|lmnjluz|nuu</controlfield><controlfield tag='008'>991101s1989    nyunnn         l    eng d</controlfield><datafield ind1=' ' ind2=' ' tag='035'><subfield code='a'>(NIC)notisASF8843</subfield></datafield><datafield ind1=' ' ind2=' ' tag='035'><subfield code='a'>3601778</subfield></datafield><datafield ind1=' ' ind2=' ' tag='035'><subfield code='a'>(OCoLC)63898188</subfield></datafield><datafield ind1=' ' ind2=' ' tag='040'><subfield code='a'>NIC</subfield><subfield code='c'>NIC</subfield><subfield code='d'>NIC</subfield><subfield code='d'>NIC</subfield></datafield><datafield ind1='1' ind2=' ' tag='100'><subfield code='a'>Hite, Molly,</subfield><subfield code='d'>1947-</subfield></datafield><datafield ind1='1' ind2='0' tag='245'><subfield code='a'>Molly Hite and Fred Muratori read from their works</subfield><subfield code='h'>[sound recording]</subfield></datafield><datafield ind1=' ' ind2=' ' tag='260'><subfield code='c'>1989.</subfield></datafield><datafield ind1=' ' ind2=' ' tag='300'><subfield code='a'>1 sound cassette :</subfield><subfield code='b'>analog, mono.</subfield></datafield><datafield ind1=' ' ind2=' ' tag='500'><subfield code='a'>Recorded in Ithaca, NY by Cornell University.</subfield></datafield><datafield ind1=' ' ind2=' ' tag='500'><subfield code='a'>Sponsored by: English, Department of,Graduate Literature Club.</subfield></datafield><datafield ind1=' ' ind2=' ' tag='500'><subfield code='a'>Speaker(s): Hite is a professor of English at Cornell and is the author of &quot;Class Porn&quot;; Muratori is the author of &quot;The Possible&quot; a selection of poems.</subfield></datafield><datafield ind1=' ' ind2=' ' tag='518'><subfield code='a'>Reading, March 16, 1989.</subfield></datafield><datafield ind1=' ' ind2=' ' tag='520'><subfield code='a'>Muratori discusses and reads his poems which reflect on perfection v. reality as well as the urgency of time.  Hite reads from her new book of fiction, &quot;Acquired Immunity&quot;.</subfield></datafield><datafield ind1='1' ind2='0' tag='600'><subfield code='a'>Hite, Molly,</subfield><subfield code='d'>1947-</subfield></datafield><datafield ind1='1' ind2='0' tag='600'><subfield code='a'>Muratori, Fred,</subfield><subfield code='d'>1951-</subfield></datafield><datafield ind1=' ' ind2='0' tag='650'><subfield code='a'>American poetry</subfield><subfield code='y'>20th century.</subfield></datafield><datafield ind1=' ' ind2='0' tag='650'><subfield code='a'>American fiction</subfield><subfield code='x'>Women authors</subfield><subfield code='y'>20th century.</subfield></datafield><datafield ind1='1' ind2='7' tag='600'><subfield code='a'>Hite, Molly,</subfield><subfield code='d'>1947-</subfield><subfield code='2'>fast</subfield><subfield code='0'>(OCoLC)fst01456938</subfield></datafield><datafield ind1='1' ind2='7' tag='600'><subfield code='a'>Muratori, Fred,</subfield><subfield code='d'>1951-</subfield><subfield code='2'>fast</subfield><subfield code='0'>(OCoLC)fst01515885</subfield></datafield><datafield ind1=' ' ind2='7' tag='648'><subfield code='a'>1900 - 1999</subfield><subfield code='2'>fast</subfield></datafield><datafield ind1=' ' ind2='7' tag='650'><subfield code='a'>American fiction</subfield><subfield code='x'>Women authors</subfield><subfield code='2'>fast</subfield><subfield code='0'>(OCoLC)fst00807099</subfield></datafield><datafield ind1=' ' ind2='7' tag='650'><subfield code='a'>American poetry</subfield><subfield code='2'>fast</subfield><subfield code='0'>(OCoLC)fst00807348</subfield></datafield><datafield ind1='1' ind2=' ' tag='700'><subfield code='a'>Muratori, Fred,</subfield><subfield code='d'>1951-</subfield></datafield><datafield ind1=' ' ind2='0' tag='830'><subfield code='a'>Writers at Cornell read.</subfield></datafield><datafield ind1='1' ind2=' ' tag='899'><subfield code='a'>CULectures</subfield></datafield><datafield ind1=' ' ind2=' ' tag='905'><subfield code='a'>20000407120000.0</subfield></datafield><datafield ind1='2' ind2=' ' tag='948'><subfield code='a'>20141221</subfield><subfield code='b'>m</subfield><subfield code='d'>batch</subfield><subfield code='e'>lts</subfield><subfield code='x'>addfast</subfield></datafield></record>